<?xml version="1.0" encoding="UTF-8"?><collection xmlns="http://www.loc.gov/MARC21/slim"><record><leader>00383nam--2200109-i-4500</leader><controlfield tag="001">000007802</controlfield><controlfield tag="002">20161230</controlfield><controlfield tag="005">20161230201027</controlfield><controlfield tag="008">060222s1000------------r-----000-0-eng-d</controlfield><datafield ind1=" " ind2=" " tag="100"><subfield code="a">Allman ,J.S. And Richardus ,P</subfield></datafield><datafield ind1=" " ind2=" " tag="245"><subfield code="a">Project surveying.general adjustment and optimization techniques with applications to engineering survrying</subfield></datafield><datafield ind1=" " ind2=" " tag="260"><subfield code="a">Amsterdam, North-holland Publ.Co.,1966 Xii+476p</subfield></datafield></record></collection>